@article{wu2010lambdamart,
 author={Qiang Wu and Christopher J. C.  Burges and  Krysta M. Svore and Jianfeng Gao},
  title={Adapting boosting for information retrieval measures},
  journal={Information Retrieval},
  volume={13},
  number={3},
  pages={254--270},
  year={2010},
  publisher={Springer}
}

@techreport{zitzler1998evolutionary,
  title={An evolutionary algorithm for multiobjective optimization: the strength Pareto approach},
  author={Zitzler, Eckart and Thiele, Lothar},
  volume={43},
  year={1998},
  publisher={Computer Engineering and Networks Laboratory (TIK)},
  institution={Swiss Federal Institute of Technology Z{\"u}rich (ETH)}
}
@article{zitzler1999multiobjective,
author={Zitzler, E. and Thiele, L.},
journal={IEEE Transactions on Evolutionary Computation},
title={Multiobjective evolutionary algorithms: a comparative case study and the strength Pareto approach},
year={1999},
volume={3},
number={4},
pages={257-271},
ISSN={1089-778X},
month={Nov}
}
@techreport{langdon1998better,
  title={Better Trained Ants for Genetic Programming},
  author={Langdon, WB and Poli, R},
  year={1998},
  institution={The University of Birmingham, UK},
  publisher={CSRP-98-12, The University of Birmingham, UK}
}
@article{elias1975universal,
  title={Universal codeword sets and representations of the integers},
  author={Elias, Peter},
  journal={IEEE Transactions on Information Theory},
  volume={21},
  number={2},
  pages={194--203},
  year={1975},
  publisher={IEEE}
}
@book{silverman1986density,
  title={Density estimation for statistics and data analysis},
  author={Silverman, Bernard W},
  volume={26},
  year={1986},
  publisher={CRC press}
}
@article{rice1979some,
  title={Some practical universal noiseless coding techniques},
  author={RICE, RF},
  journal={Tech. Rep. JPL-79-22},
  year={1979},
  publisher={Jet Propulsion Laboratory}
}
@techreport{zitzler2001spea2,
  title={SPEA2: Improving the Strength Pareto evolutionary algorithm},
  author={Zitzler, Eckart and Laumanns, Marco and Thiele, Lothar and Zitzler, Eckart and Zitzler, Eckart and Thiele, Lothar and Thiele, Lothar},
  year={2001},
  institution={Swiss Federal Institute of Technology, (ETH) Zurich},
  publisher={Eidgen{\"o}ssische Technische Hochschule Z{\"u}rich (ETH), Institut f{\"u}r Technische Informatik und Kommunikationsnetze (TIK)}
}
@article{deb2002fast,
  title={A fast and elitist multiobjective genetic algorithm: NSGA-II},
  author={Deb, Kalyanmoy and Pratap, Amrit and Agarwal, Sameer and Meyarivan, TAMT},
  journal={IEEE Transactions on Evolutionary Computation},
  volume={6},
  number={2},
  pages={182--197},
  year={2002},
  publisher={IEEE}
}
@inproceedings{joachims2002optimizing,
  title={Optimizing search engines using clickthrough data},
  author={Joachims, Thorsten},
  booktitle={Proceedings of the eighth ACM SIGKDD international conference on Knowledge discovery and data mining},
  pages={133--142},
  year={2002},
  organization={ACM}
}
@article{freund2003efficient,
  title={An efficient boosting algorithm for combining preferences},
  author={Freund, Yoav and Iyer, Raj and Schapire, Robert E and Singer, Yoram},
  journal={The Journal of machine learning research},
  volume={4},
  pages={933--969},
  year={2003},
  publisher={JMLR. org}
}
@inproceedings{langdon2003predicting,
  title={Predicting biochemical interactions-human P450 2D6 enzyme inhibition},
  author={Langdon, WB and Barrett, SJ and Buxton, BF},
  booktitle={The Congress on Evolutionary Computation},
  volume={2},
  pages={807--814},
  year={2003},
  organization={IEEE}
}
@article{fan2004effects,
  title={The effects of fitness functions on genetic programming-based ranking discovery for Web search},
  author={Fan, Weiguo and Fox, Edward A and Pathak, Praveen and Wu, Harris},
  journal={JASIST},
  volume={55},
  number={7},
  pages={628--636},
  year={2004},
  publisher={Wiley Online Library}
}
@inproceedings{fan2004ranking,
  title={Ranking function optimization for effective web search by genetic programming: An empirical study},
  author={Fan, Weiguo and Gordon, Michael D and Pathak, Praveen and Xi, Wensi and Fox, Edward and others},
  booktitle={System Sciences, 2004. Proceedings of the 37th Annual Hawaii International Conference on},
  pages={8--pp},
  year={2004},
  organization={IEEE}
}
@article{fan2004discovery,
  title={Discovery of context-specific ranking functions for effective information retrieval using genetic programming},
  author={Fan, Weiguo and Gordon, Michael D and Pathak, Praveen},
  journal={IEEE Transactions on Knowledge and Data Engineering},
  volume={16},
  number={4},
  pages={523--527},
  year={2004},
  publisher={IEEE}
}
@techreport{zhang2004pixel,
    author = {Zhang, Mengjie and Bhowan, Urvesh},
    title = {Pixel statistics and program size in genetic programming for object detection},
    institution = {Victoria University of Wellington},
    volume={CS-TR-04/3},
    year = {2004}
}
@article{koza2004towards,
  title={Towards industrial strength automated design of analog electrical circuits by means of genetic programming},
  author={Koza, John R and Jones, Lee W and Keane, Martin A and Streeter, Matthew J and Al-Sakran, SH},
  journal={Genetic Programming Theory and Practice II},
  pages={121--138},
  year={2004}
}
@article{trotman2005learning,
  title={Learning to rank},
  author={Trotman, Andrew},
  journal={Information Retrieval},
  volume={8},
  number={3},
  pages={359--381},
  year={2005},
  publisher={Springer}
}
@inproceedings{yeh2007learning,
  title={Learning to rank for information retrieval using genetic programming},
  author={Yeh, Jen-Yuan and Lin, Jung-Yi and Ke, Hao-Ren and Yang, Wei-Pang},
  booktitle={SIGIR 2007 Workshop on Learning to Rank for Information Retrieval (LR4IR 2007)},
  year={2007}
}
@techreport{punch1996lilgp,
  title={Lilgp 1.01 user's manual},
  author={Punch, B and Zongker, D},
  year={1996},
  institution={Technical report, Michigan State University, Michigan, USA}
}
@inproceedings{liu2007letor,
  title={Letor: Benchmark dataset for research on learning to rank for information retrieval},
  author={Liu, Tie-Yan and Xu, Jun and Qin, Tao and Xiong, Wenying and Li, Hang},
  booktitle={SIGIR 2007 workshop on learning to rank for information retrieval},
  pages={3--10},
  year={2007}
}
@inproceedings{xu2007adarank,
  title={Adarank: a boosting algorithm for information retrieval},
  author={Xu, Jun and Li, Hang},
  booktitle={Proc. of 30th  ACM SIGIR},
  pages={391--398},
  year={2007},
  organization={ACM}
}
@inproceedings{de2007combined,
  title={A combined component approach for finding collection-adapted ranking functions based on genetic programming},
  author={de Almeida, Humberto Mossri and Gon{\c{c}}alves, Marcos Andr{\'e} and Cristo, Marco and Calado, P{\'a}vel},
  booktitle={Proc. of 30th ACM SIGIR},
  pages={399--406},
  year={2007},
  organization={ACM}
}
@article{o2007integrating,
  title={Integrating generative growth and evolutionary computation for form exploration},
  author={OReilly,Una May and Hemberg, Martin},
  journal={Genetic Programming and Evolvable Machines},
  volume={8},
  number={2},
  pages={163--186},
  year={2007},
  publisher={Springer}
}
@inproceedings{xia2008listwise,
  title={Listwise approach to learning to rank: theory and algorithm},
  author={Xia, Fen and Liu, Tie-Yan and Wang, Jue and Zhang, Wensheng and Li, Hang},
  booktitle={Proc. of the 25th international conference on Machine learning},
  pages={1192--1199},
  year={2008},
  organization={ACM}
}
@book{poli2008field,
  title={A field guide to genetic programming},
  author={Poli, Riccardo and Langdon, William B and McPhee, Nicholas F and Koza, John R},
  year={2008},
  publisher={Lulu. com}
}
@article{silva2009evolutionary,
  title={An evolutionary approach for combining different sources of evidence in search engines},
  author={Silva, Thomaz Philippe C and de Moura, Edleno Silva and Cavalcanti, Jo{\~a}o Marcos B and da Silva, Altigran S and de Carvalho, Mois{\'e}s Gomes and Gon{\c{c}}alves, Marcos Andr{\'e}},
  journal={Information Systems},
  volume={34},
  number={2},
  pages={276--289},
  year={2009},
  publisher={Elsevier}
}
@article{mishra2010fast,
  title={A Fast Algorithm for Finding the non Dominated Set in Multiobjective Optimization},
  author={Mishra, KK and Harit, Sandeep},
  journal={International Journal of Computer Applications},
  volume={1},
  number={25},
  pages={46-54},
  year={2010}
}
@book{iba2009applied,
  title={Applied genetic programming and machine learning},
  author={Iba, Hitoshi and Hasegawa, Yoshihiko and Paul, Topon Kumar},
  year={2009},
  publisher={cRc Press}
}
@article{costa2012lepref,
  title={Lepref: Learn to precompute evidence fusion for efficient query evaluation},
  author={Costa Carvalho, Andr{\'e} L and Rossi, Cristian and Moura, Edleno S and Silva, Altigran S and Fernandes, David},
  journal={JASIST},
  volume={63},
  number={7},
  pages={1383--1397},
  year={2012},
  publisher={Wiley Online Library}
}
@article{qin2013introducing,
  title={Introducing letor 4.0 datasets},
  author={Qin, Tao and Liu, Tie-Yan},
  journal={arXiv preprint arXiv:1306.2597},
  year={2013}
}
@article{Golomb,
 author = {Golomb, S.W.},
 title = {Run-length Encodings},
 journal = {IEEE Trans. Inf. Theor.},
 year = {1966},
 volume = {12},
 number = {3},
 month = {July},
 issn = {0018-9448},
 pages = {399--401},
 numpages = {3},
 publisher = {IEEE Press}
}
@article{jarvelin2002ndcg,
 author = {J\"{a}rvelin, Kalervo and Kek\"{a}l\"{a}inen, Jaana},
 title = {Cumulated Gain-based Evaluation of IR Techniques},
 journal = {ACM Trans. Inf. Syst.},
 issue_date = {October 2002},
 volume = {20},
 number = {4},
 month = oct,
 year = {2002},
 issn = {1046-8188},
 pages = {422--446},
 numpages = {25},
 publisher = {ACM},
 address = {New York, NY, USA}
 }
@book{koza1992genetic,
  title={Genetic programming: on the programming of computers by means of natural selection},
  author={Koza, John R},
  volume={1},
  year={1992},
  publisher={MIT press}
}
@article{silva2000fast,
  title={Fast and flexible word searching on compressed text},
  author={Silva de Moura, Edleno and Navarro, Gonzalo and Ziviani, Nivio and Baeza-Yates, Ricardo},
  journal={ACM Transactions on Information Systems (TOIS)},
  volume={18},
  number={2},
  pages={113--139},
  year={2000},
  publisher={ACM}
}
@article{ziviani2000compression,
  title={Compression: A key for next-generation text retrieval systems},
  author={Ziviani, Nivio and De Moura, Edleno Silva and Navarro, Gonzalo and Baeza-Yates, Ricardo},
  journal={Computer},
  number={11},
  volume={33},
  pages={37--44},
  year={2000},
  publisher={IEEE}
}
@book{manning2008introduction,
  title={Introduction to information retrieval},
  author={Manning, Christopher D and Raghavan, Prabhakar and Sch{\"u}tze, Hinrich and others},
  volume={1},
  year={2008},
  publisher={Cambridge University Press, Cambridge, UK}
}
@inproceedings{zukowski2006super,
  title={Super-scalar RAM-CPU cache compression},
  author={Zukowski, Marcin and Heman, Sandor and Nes, Niels and Boncz, Peter},
  booktitle={Data Engineering, 2006. ICDE'06. Proceedings of the 22nd International Conference on},
  pages={59--59},
  year={2006},
  organization={IEEE}
}
@inproceedings{ottaviano2014partitioned,
  title={Partitioned Elias-Fano indexes},
  author={Ottaviano, Giuseppe and Venturini, Rossano},
  booktitle={Proc. of the 37th  ACM SIGIR},
  pages={273--282},
  year={2014},
  organization={ACM}
}
@inproceedings{stepanov2011simd,
  title={SIMD-based decoding of posting lists},
  author={Stepanov, Alexander A and Gangolli, Anil R and Rose, Daniel E and Ernst, Ryan J and Oberoi, Paramjit S},
  booktitle={Proc. of the 20th ACM CIKM},
  pages={317--326},
  year={2011},
  organization={ACM}
}
@article{lemire2015decoding,
  title={Decoding billions of integers per second through vectorization},
  author={Lemire, Daniel and Boytsov, Leonid},
  journal={Software: Practice and Experience},
  volume={45},
  number={1},
  pages={1--29},
  year={2015},
  publisher={Wiley Online Library}
}
@inproceedings{yan2009inverted,
  title={Inverted index compression and query processing with optimized document ordering},
  author={Yan, Hao and Ding, Shuai and Suel, Torsten},
  booktitle={Proc. of the 18th international conference on World wide web},
  pages={401--410},
  year={2009},
  organization={ACM}
}
@inproceedings{zhang2008performance,
  title={Performance of compressed inverted list caching in search engines},
  author={Zhang, Jiangong and Long, Xiaohui and Suel, Torsten},
  booktitle={Proc. of the 17th international conference on World Wide Web},
  pages={387--396},
  year={2008},
  organization={ACM}
}
@article{persin1996filtered,
  title={Filtered document retrieval with frequency-sorted indexes},
  author={Persin, Michael and Zobel, Justin and Sacks-Davis, Ron},
  journal={JASIS},
  volume={47},
  number={10},
  pages={749--764},
  year={1996}
}
@inproceedings{carmel2001static,
  title={Static index pruning for information retrieval systems},
  author={Carmel, David and Cohen, Doron and Fagin, Ronald and Farchi, Eitan and Herscovici, Michael and Maarek, Yoelle S and Soffer, Aya},
  booktitle={Proc. of the 24th  ACM SIGIR},
  pages={43--50},
  year={2001},
  organization={ACM}
}
@inproceedings{de2005improving,
  title={Improving web search efficiency via a locality based static pruning method},
  author={De Moura, Edleno S and dos Santos, C{\'e}lia F and Fernandes, Daniel R and Silva, Altigran S and Calado, Pavel and Nascimento, Mario A},
  booktitle={Proc. of the 14th international conference on World Wide Web},
  pages={235--244},
  year={2005},
  organization={ACM}
}
@article{moura2008locality,
  title={Locality-based pruning methods for web search},
  author={De Moura, Edleno S and Santos, Celia Francisca dos and Silva, Altigran Soares da and Calado, Pavel and Nascimento, Mario A and others},
  journal={ACM Transactions on Information Systems (TOIS)},
  volume={26},
  number={2},
  pages={9},
  year={2008},
  publisher={ACM}
}
@book{baezaribeiro2011modinforet,
  title={Modern Information Retrieval},
  author={Baeza-Yates, R. and Ribeiro-Neto, B.},
  edition={2},
  year={2011},
  publisher={Addison-Wesley Professional, Boston, MA, USA}
}
@inproceedings{robertson1994some,
  title={Some simple effective approximations to the 2-poisson model for probabilistic weighted retrieval},
  author={Robertson, Stephen E and Walker, Steve},
  booktitle={Proc. of the 17th  ACM SIGIR},
  pages={232--241},
  year={1994},
  organization={Springer-Verlag New York, Inc.}
}
@article{osyczka1985multicriteria,
  title={Multicriteria optimization for engineering design},
  author={Osyczka, Andrzej},
  journal={Design optimization},
  volume={1},
  pages={193--227},
  year={1985},
  publisher={New York: Academic}
}
@article{srinivas1994multiobjective,
  title={Muiltiobjective optimization using nondominated sorting in genetic algorithms},
  author={Srinivas, Nidamarthi and Deb, Kalyanmoy},
  journal={Evolutionary computation},
  volume={2},
  number={3},
  pages={221--248},
  year={1994},
  publisher={MIT Press}
}
@article{fonseca1995overview,
  title={An overview of evolutionary algorithms in multiobjective optimization},
  author={Fonseca, Carlos M and Fleming, Peter J},
  journal={Evolutionary computation},
  volume={3},
  number={1},
  pages={1--16},
  year={1995},
  publisher={MIT Press}
}
@article{student1908probable,
  title={The probable error of a mean},
  author={Student},
  journal={Biometrika},
  pages={1--25},
  year={1908},
  publisher={JSTOR}
}
@article{wilcoxon1945individual,
  title={Individual comparisons by ranking methods},
  author={Wilcoxon, Frank},
  journal={Biometrics bulletin},
  volume={1},
  number={6},
  pages={80--83},
  year={1945},
  publisher={JSTOR}
}
@inproceedings{saraiva2001rank,
  title={Rank-preserving two-level caching for scalable search engines},
  author={Saraiva, Paricia Correia and Silva de Moura, Edleno and Ziviani, Novio and Meira, Wagner and Fonseca, Rodrigo and Riberio-Neto, Berthier},
  booktitle={Proc. of the 24th  ACM SIGIR },
  pages={51--58},
  year={2001},
  organization={ACM}
}
@incollection{dang2013two,
  title={Two-stage learning to rank for information retrieval},
  author={Dang, Van and Bendersky, Michael and Croft, W Bruce},
  booktitle={Advances in Information Retrieval},
  pages={423--434},
  year={2013},
  publisher={Springer}
}
@inproceedings{cambazoglu2010early,
  title={Early exit optimizations for additive machine learned ranking systems},
  author={Cambazoglu, B Barla and Zaragoza, Hugo and Chapelle, Olivier and Chen, Jiang and Liao, Ciya and Zheng, Zhaohui and Degenhardt, Jon},
  booktitle={Proc. of the third ACM WSDM},
  pages={411--420},
  year={2010},
  organization={ACM}
}
@article{pearson1895contributions,
  title={Contributions to the mathematical theory of evolution. II. Skew variation in homogeneous material},
  author={Pearson, Karl},
  journal={Philosophical Transactions of the Royal Society of London. A},
  volume={186},
  pages={343--414},
  year={1895},
  publisher={JSTOR}
}
@article{doane2011measuring,
  title={Measuring skewness: a forgotten statistic},
  author={Doane, David P and Seward, Lori E},
  journal={Journal of Statistics Education},
  volume={19},
  number={2},
  pages={1--18},
  year={2011},
  publisher={American Statistical Association. 732 North Washington Street, Alexandria, VA 22314}
}
@book{bowley1920elements,
  title={Elements of statistics},
  author={Bowley, Arthur Lyon},
  volume={2},
  edition={4},
  year={1920},
  publisher={Charles Scribner's Sons, New York}
}
@article{groeneveld1984measuring,
  title={Measuring skewness and kurtosis},
  author={Groeneveld, Richard A and Meeden, Glen},
  journal={The Statistician},
  pages={391--399},
  year={1984},
  publisher={JSTOR}
}
@article{herrera2010exploring,
  title={Exploring features for the automatic identification of user goals in web search},
  author={Herrera, Mauro Rojas and de Moura, Edleno Silva and Cristo, Marco and Silva, Thomaz Philippe and da Silva, Altigran Soares},
  journal={Information processing \& management},
  volume={46},
  number={2},
  pages={131--142},
  year={2010},
  publisher={Elsevier}
}

@article{Santos2015,
 author = {Santos, A{\'e}cio S. and Carvalho, Cristiano R. and Almeida, Jussara M. and Moura, Edleno S. and Silva, Altigran S. and Ziviani, Nivio},
 title = {A Genetic Programming Framework to Schedule Webpage Updates},
 journal = {Inf. Retr.},
 issue_date = {February  2015},
 volume = {18},
 number = {1},
 month = feb,
 year = {2015},
 issn = {1386-4564},
 pages = {73--94},
 numpages = {22},
 publisher = {Kluwer Academic Publishers},
 address = {Hingham, MA, USA}
 }
@article{coello1999comprehensive,
  title={A comprehensive survey of evolutionary-based multiobjective optimization techniques},
  author={Coello, Carlos A Coello},
  journal={Knowledge and Information systems},
  volume={1},
  number={3},
  pages={269--308},
  year={1999},
  publisher={Springer}
}
@book{deb2001multi,
  title={Multi-objective optimization using evolutionary algorithms},
  author={Deb, Kalyanmoy},
  volume={16},
  year={2001},
  publisher={John Wiley \& Sons}
}
@book{bandyopadhyay2012unsupervised,
  title={Unsupervised classification: similarity measures, classical and metaheuristic approaches, and applications},
  author={Bandyopadhyay, Sanghamitra and Saha, Sriparna},
  year={2012},
  publisher={Springer Science \& Business Media}
}

@inproceedings{dai2011multi,
 author = {Dai, Na and Shokouhi, Milad and Davison, Brian D.},
 title = {Multi-objective Optimization in Learning to Rank},
 booktitle = {Proc. of the 34th  ACM SIGIR},
 year = {2011},
 isbn = {978-1-4503-0757-4},
 location = {Beijing, China},
 pages = {1241--1242},
 numpages = {2},
 publisher = {ACM},
 address = {New York, NY, USA}
}

@inproceedings{vandoorn2016mult,
 author = {van Doorn, Joost and Odijk, Daan and Roijers, Diederik M. and de Rijke, Maarten},
 title = {Balancing Relevance Criteria Through Multi-Objective Optimization},
 booktitle = {Proc. of the 39th ACM SIGIR},
 year = {2016},
 isbn = {978-1-4503-4069-4},
 pages = {769--772},
 numpages = {4},
 publisher = {ACM},
 address = {New York, NY, USA}
 } 

@inproceedings{dai2011ltr,
 author = {Dai, Na and Shokouhi, Milad and Davison, Brian D.},
 title = {Learning to Rank for Freshness and Relevance},
 booktitle = {Proc. of the 34th  ACM SIGIR},
 year = {2011},
 isbn = {978-1-4503-0757-4},
 location = {Beijing, China},
 pages = {95--104},
 numpages = {10},
 publisher = {ACM},
 address = {New York, NY, USA}
} 



@article{metzler2007linearmodel,
  title={Linear feature-based models for information retrieval},
  author={Donald Metzler, W. Bruce Croft},
  journal={Information Retrieval},
  volume={10},
  number={3},
  pages={257--274},
  year={2007},
  publisher={Springer}
}


@inproceedings{Hua:2010:HFS:1772690.1772830,
 author = {Hua, Guichun and Zhang, Min and Liu, Yiqun and Ma, Shaoping and Ru, Liyun},
 title = {Hierarchical Feature Selection for Ranking},
 booktitle = {Proceedings of the 19th International Conference on World Wide Web},
 year = {2010},
 isbn = {978-1-60558-799-8},
 pages = {1113--1114},
 numpages = {2},
 publisher = {ACM},
 address = {New York, NY, USA}
} 

@inproceedings{Gigli:2016:FFS:2970398.2970433,
 author = {Gigli, Andrea and Lucchese, Claudio and Nardini, Franco Maria and Perego, Raffaele},
 title = {Fast Feature Selection for Learning to Rank},
 booktitle = {Proc. of the 2016 ACM ICTIR},
 series = {ICTIR '16},
 year = {2016},
 isbn = {978-1-4503-4497-5},
 pages = {167--170},
 numpages = {4},
 publisher = {ACM},
 address = {New York, NY, USA},
 keywords = {feature selection, learning to rank}
} 

@inproceedings{Geng:2007:FSR:1277741.1277811,
 author = {Geng, Xiubo and Liu, Tie-Yan and Qin, Tao and Li, Hang},
 title = {Feature Selection for Ranking},
 booktitle = {Proc. of the 30th  ACM SIGIR },
 year = {2007},
 isbn = {978-1-59593-597-7},
 pages = {407--414},
 numpages = {8},
 publisher = {ACM},
 address = {New York, NY, USA}
} 


@inproceedings{Anh:2002:ITE:564376.564380,
 author = {Anh, Vo Ngoc and Moffat, Alistair},
 title = {Impact Transformation: Effective and Efficient Web Retrieval},
 booktitle = {Proc. of the 25th  ACM SIGIR},
 year = {2002},
 isbn = {1-58113-561-0},
 pages = {3--10},
 numpages = {8},
 publisher = {ACM},
 address = {New York, NY, USA},
 keywords = {dynamic pruning, index compression, web searching}
} 

@inproceedings{Anh:2005:SSS:1076034.1076075,
 author = {Anh, Vo Ngoc and Moffat, Alistair},
 title = {Simplified Similarity Scoring Using Term Ranks},
 booktitle = {Proc. of the 28th  ACM SIGIR},
 year = {2005},
 isbn = {1-59593-034-5},
 pages = {226--233},
 numpages = {8},
 publisher = {ACM},
 address = {New York, NY, USA}
} 

@inproceedings{Anh:2006:PQE:1148170.1148235,
 author = {Anh, Vo Ngoc and Moffat, Alistair},
 title = {Pruned Query Evaluation Using Pre-computed Impacts},
 booktitle = {Proc. of the 29th ACM SIGIR },
 year = {2006},
 isbn = {1-59593-369-7},
 location = {Seattle, Washington, USA},
 pages = {372--379},
 numpages = {8},
 publisher = {ACM},
 address = {New York, NY, USA}
} 

@inproceedings{anh2008term,
  title={Term impacts as normalized term frequencies for bm25 similarity scoring},
  author={Anh, Vo Ngoc and Wan, Raymond and Moffat, Alistair},
  booktitle={International Symposium on String Processing and Information Retrieval},
  pages={51--62},
  year={2008},
  organization={Springer}
}

@article{capannini2016quality,
  title={Quality versus efficiency in document scoring with learning-to-rank models},
  author={Capannini, Gabriele and Lucchese, Claudio and Nardini, Franco Maria and Orlando, Salvatore and Perego, Raffaele and Tonellotto, Nicola},
  journal={Information Processing \& Management},
  volume={52},
  number={6},
  pages={1161--1177},
  year={2016},
  publisher={Elsevier}
}

@MISC{Koza97geneticprogramming,
    author = {John R. Koza},
    title = {Genetic Programming},
    year = {1997}
}

@inproceedings{Lucchese2016,
 author = {Lucchese, Claudio and Nardini, Franco Maria and Orlando,
Salvatore and Perego, Raffaele and Silvestri, Fabrizio and Trani,
Salvatore},
 title = {Post-Learning Optimization of Tree Ensembles for Efficient Ranking},
 booktitle = {Proc. of the 39th ACM SIGIR},
 year = {2016},
 isbn = {978-1-4503-4069-4},
pages = {949--952},
 numpages = {4},
 publisher = {ACM},
 address = {New York, NY, USA}
}

@inproceedings{Chen2017,
 author = {Chen, Ruey-Cheng and Gallagher, Luke and Blanco, Roi and
Culpepper, J. Shane},
 title = {Efficient Cost-Aware Cascade Ranking in Multi-Stage Retrieval},
 booktitle = {Proc. of the 40th  ACM SIGIR},
 year = {2017},
 isbn = {978-1-4503-5022-8},
 location = {Shinjuku, Tokyo, Japan},
 pages = {445--454},
 numpages = {10},
 publisher = {ACM},
 address = {New York, NY, USA}
}